<?xml version="1.0" encoding="UTF-8"?><collection xmlns="http://www.loc.gov/MARC21/slim"><record><leader>00468nam--2200145-i-4500</leader><controlfield tag="001">000046821</controlfield><controlfield tag="002">20161230</controlfield><controlfield tag="005">20161230201046</controlfield><controlfield tag="008">060222s1000------------r-----000-0-eng-d</controlfield><datafield ind1=" " ind2=" " tag="100"><subfield code="a">Walsh, J.L</subfield></datafield><datafield ind1=" " ind2=" " tag="245"><subfield code="a">Interpolation and approximation by rational functions in the complex domain</subfield></datafield><datafield ind1=" " ind2=" " tag="260"><subfield code="a">Providence, American Mathematical Soc., 1960, X+398p</subfield></datafield><datafield ind1=" " ind2=" " tag="490"><subfield code="a">American Mathematical Society. Colloquium Publ</subfield></datafield><datafield ind1=" " ind2=" " tag="852"><subfield code="a">16072</subfield><subfield code="c">517.53</subfield></datafield><datafield ind1=" " ind2=" " tag="CAT"><subfield code="a">Sys</subfield><subfield code="c">20080818</subfield><subfield code="h">121732</subfield></datafield></record></collection>